% This file was created with JabRef 2.8.1.
% Encoding: Cp1253

@ARTICLE{Abererb,
  author = {Aberer, K.},
  title = {{P-Grid: A self-organizing access structure for P2P information systems}},
  journal = {Proceedings of the 9th International Conference on Cooperative InformationSystems},
  year = {2001},
  pages = {179--194},
  keywords = {Distributed Databases,Distributed Indexing,Randomized Algorithms,peer-to-peer
	computing}
}

@ARTICLE{Aberer,
  author = {Aberer, K. and Alima, L.O. and Ghodsi, A. and Girdzijauskas, S. and
	Haridi, S. and Hauswirth, M.},
  title = {{The Essence of P2P: A Reference Architecture for Overlay Networks}},
  journal = {Fifth IEEE International Conference on Peer-to-Peer Computing (P2P'05)},
  year = {2005},
  pages = {11--20},
  __markedentry = {[Vourlakis Nikolas:5]},
  publisher = {Ieee},
}

@ARTICLE{Abererc,
  author = {Aberer, K. and Cudr\'{e}-Mauroux, P. and Datta, A. and Despotovic,
	Z. and Hauswirth, M. and Punceva, M. and Schmidt, R.},
  title = {{P-Grid : A Self-Organizing Structured P2P System}}
}

@ARTICLE{Abererd,
  author = {Aberer, K. and Cudr\'{e}-Mauroux, P. and Datta, A. and Despotovic,
	Z. and Hauswirth, M. and Punceva, M. and Schmidt, R. and Wu, J.},
  title = {{Advanced Peer-to-Peer Networking : The P-Grid System and its Applications}},
  journal = {PIK Praxis der Informationsverarbeitung und Kommunikation},
  year = {2003},
  volume = {26},
  pages = {86--89},
  number = {2},
}

@ARTICLE{Aberer2004,
  author = {Aberer, K. and Datta, A. and Hauswirth, M.},
  title = {{Efficient, Self-Contained Handling of Identity in Peer-to-Peer Systems}},
  journal = {IEEE Transactions on Knowledge and Data Engineering},
  year = {2004},
  volume = {16},
  pages = {858--869},
  number = {07},
  month = jul,
  issn = {1041-4347},
  keywords = {1,2,4,c,communication,data structures,decentralized directory service,distributed,distributed
	applications,distributed data,distributed databases,distributed systems,e,identity
	handling,networking and information technology,peer-,peer-to-peer
	systems,self-contained,self-maintaining,systems,to-peer}
}

@ARTICLE{Aberer2003,
  author = {Aberer, K. and Datta, A. and Hauswirth, M.},
  title = {{Route Maintenance Overheads in DHT Overlays}},
  journal = {The 6th Workshop on Distributed Data and Structures},
  year = {2003}
}

@ARTICLE{Aberere,
  author = {Aberer, K. and Hauswirth, M.},
  title = {{An Overview on Peer-to-Peer Information Systems}},
  journal = {Workshop on Distributed Data and Structures},
  pages = {1--14},
  keywords = {information systems,peer-to-peer systems}
}

@ARTICLE{Aberer2002,
  author = {Aberer, K. and Magdalena, P. and Hauswirth, M. and Schmidt, R.},
  title = {{Access in P2P Systems}},
  year = {2002},
  number = {February}
}

@INPROCEEDINGS{Grolimund2006,
  title = {A Pattern Language for Overlay Networks in Peer-to-Peer Systems},
  author = {D. Grolimund and P. M{\"u}ller},
  year = {2006},
  pages = {95-140},
  booktitle = {EuroPLoP  2006, Eleventh European Conference on Pattern Languages of Programs, Irsee, Germany, July 5-9, 2006},
  editor = {U. Zdun and L. B. Hvatum},
  publisher = {UVK - Universitaetsverlag Konstanz}
}

@INPROCEEDINGS{Schollmeier2001,
  author = {{R. Schollmeier}},
  title = {{A Definition of Peer-to-Peer Networking for the Classification of
	Peer-to-Peer Architectures and Applications}},
  booktitle = {Proceedings of the First International Conference on Peer-to-Peer
	Computing (P2P'01)},
  year = {2001},
  crossref = {2001:882470},
  owner = {Vourlakis Nikolas},
  timestamp = {2012.11.11}
}

@BOOK{Meyer1994,
  title = {{Object-Oriented Software Construction}},
  year = {1994},
  author = {Meyer, B.},
  pages = {1406},
  edition = {Second},
  month = dec,
  doi = {10.1016/0168-9002(94)91548-2}
}

@BOOK{Pragmatic1999,
  title = {{The Pragmatic Programmer: From Journeyman to Master}},
  publisher = {Addison-Wesley Professional},
  year = {1999},
  author = {{A. Hunt and D. Thomas}},
  owner = {Vourlakis Nikolas},
  timestamp = {2012.11.24}
}

@BOOK{A.Rotem-Gal-Oz2012,
  title = {{SOA Patterns}},
  publisher = {Manning Publications Co.},
  year = {2012},
  author = {{A. Rotem-Gal-Oz}},
  owner = {Vourlakis Nikolas},
  timestamp = {2012.11.15}
}

@INPROCEEDINGS{Aberer05theessence,
  author = {{K. Aberer, L. O. Alima, A. Ghodsi, S. Girdzijauskas, S. Haridi and M. Hauswirth}},
  title = {The essence of P2P: A reference architecture for overlay networks},
  booktitle = {In P2P2005, The 5th IEEE International Conference on Peer-to-Peer
	Computing},
  year = {2005},
  pages = {11--20}
}

@ARTICLE{Androutsellis-Theotokis2004,
  author = {Androutsellis-Theotokis, S. and Spinellis, D.},
  title = {{A survey of peer-to-peer content distribution technologies}},
  journal = {ACM Computing Surveys},
  year = {2004},
  volume = {36},
  pages = {335--371},
  number = {4},
  month = dec,
  doi = {10.1145/1041680.1041681},
  issn = {03600300},
  owner = {Vourlakis Nikolas},
  timestamp = {2012.11.21},
  url = {http://portal.acm.org/citation.cfm?doid=1041680.1041681}
}

@BOOK{CorbaProg2001,
  title = {Java Programming with CORBA, Third Edition},
  publisher = {John Wiley \& Sons, Inc.},
  year = {2001},
  author = {Brose, Gerald and Vogel, Andreas and Duddy, Keith},
  address = {New York, NY, USA},
  edition = {3rd},
  isbn = {0471376817},
  owner = {Vourlakis Nikolas},
  timestamp = {2012.11.25}
}

@STANDARD{OASIS-soa-rm,
  title = {{Reference Model for Service Oriented Architecture 1.0}},
  organization = {OASIS},
  institution = {OASIS},
  author = {{C. M. MacKenzie, K. Laskey, F. McCabe, P. F. Brown and R. Metz}},
  month = {oct},
  year = {2006},
  url = {http://docs.oasis-open.org/soa-rm/v1.0/},
  owner = {Vourlakis Nikolas},
  timestamp = {2012.11.14}
}

@BOOK{Duggan2012,
  title = {{Enterprise Software Architecture and Design. Entities, Services,
	and Resources}},
  publisher = {John Wiley \& Sons},
  year = {2012},
  editor = {{L. Bernstein}},
  author = {{D. Duggan}},
  owner = {Vourlakis Nikolas},
  timestamp = {2012.11.15}
}

@TECHREPORT{Grolimund2005,
  author = {{D. Grolimund}},
  title = {{A Pattern Language for Overlay Networks. Design Patterns in Peer-to-Peer
	Systems}},
  institution = {{ETH, Department of Computer Science}},
  year = {2005},
  __markedentry = {[Irene:6]},
  owner = {Vourlakis Nikolas},
  timestamp = {2012.11.11}
}

@BOOK{GoF,
  title = {{Design Patterns: Elements of Reusable Object-Oriented Software}},
  publisher = {Addison-Wesley Professional},
  year = {1994},
  author = {{E. Gamma, R. Helm, R. Johnson and J. Vlissides}},
  owner = {Vourlakis Nikolas},
  timestamp = {2012.11.15}
}

@BOOK{POSA4,
  title = {{Pattern-Oriented Software Architecture Volume 4: A Pattern Language
	for Distributed Computing}},
  publisher = {John Wiley \& Sons},
  year = {2007},
  author = {{F. Buschmann, K. Henney and D. C. Schmidt}},
  pages = {636},
  owner = {Vourlakis Nikolas},
  timestamp = {2012.11.15}
}

@INCOLLECTION{F.Dabek2003,
  author = {{F. Dabek, B. Zhao, P. Druschel, J. Kubiatowicz and I. Stoica}},
  title = {{Towards a Common API for Structured Peer-to-Peer Overlays}},
  booktitle = {Peer-to-Peer Systems II},
  publisher = {Springer Berlin / Heidelberg},
  year = {2003},
  series = {Lecture Notes in Computer Science},
  pages = {33-44--44},
  __markedentry = {[Irene:6]},
  journal = {Peer-to-Peer Systems II},
  keywords = {api, p2p, peer-to-peer},
  owner = {Vourlakis Nikolas},
  timestamp = {2012.11.11}
}

@BOOK{Buford2009,
  title = {{P2P: Networking and Applications}},
  publisher = {Morgan Kaufmann Publishers Inc.},
  year = {2009},
  author = {{J. F. Buford, H. Yu and E. K. Lua}},
  pages = {1--438},
  booktitle = {Reading},
  isbn = {9780123742148},
  keywords = {peer-to-peer},
  owner = {Vourlakis Nikolas},
  timestamp = {2012.11.21}
}

@INPROCEEDINGS{Amoretti2005,
  author = {{M. Amoretti, M. Reggiani, F. Zanichelli and G. Conte}},
  title = {{Peer: an Architectural Pattern Enabling Resource Sharing in Virtual
	Organizations}},
  booktitle = {PLoP '05: Proceedings of the 2005 conference on Pattern languages
	of programs},
  year = {2005},
  __markedentry = {[Irene:6]},
  keywords = {architecture, p2p, pattern},
  location = {Monticello, Illinois, USA},
  owner = {Vourlakis Nikolas},
  priority = {0},
  timestamp = {2012.11.11}
}

@INPROCEEDINGS{Amoretti2005SP2A,
 author = {Amoretti, M. and Zanichelli, F. and Conte, G.},
 title = {SP2A: a service-oriented framework for P2P-based Grids},
 booktitle = {Proceedings of the 3rd international workshop on Middleware for grid computing},
 series = {MGC '05},
 year = {2005},
 location = {Grenoble, France},
 pages = {1--6},
 numpages = {6},
 publisher = {ACM},
 address = {New York, NY, USA},
 keywords = {grid, peer-to-peer, service-oriented architecture},
} 

@ELECTRONIC{Fowler2004,
  author = {{M. Fowler}},
  year = {2004},
  title = {{Inversion of Control Containers and the Dependency Injection Pattern}},
  url = {http://martinfowler.com/articles/injection.html},
  owner = {Vourlakis Nikolas},
  timestamp = {2012.11.13}
}

@BOOK{CorbaSpecP1,
  title = {{Common Object Request Broker Architecture (CORBA) Specification,
	Version 3.1, Part 1: CORBA Interfaces }},
  publisher = {{Object Management Group}},
  year = {2008},
  author = {OMG},
  pages = {540},
  month = jan,
  owner = {Vourlakis Nikolas},
  timestamp = {2012.11.21}
}

@BOOK{CorbaSpecP2,
  title = {{Common Object Request Broker Architecture (CORBA) Specification,
	Version 3.1, Part 2: CORBA Interoperability }},
  publisher = {{Object Management Group}},
  year = {2008},
  author = {OMG},
  pages = {260},
  month = jan,
  owner = {Vourlakis Nikolas},
  timestamp = {2012.11.21}
}

@BOOK{CorbaSpecP3,
  title = {{Common Object Request Broker Architecture (CORBA) Specification,
	Version 3.1, Part 3: CORBA Component Model }},
  publisher = {{Object Management Group}},
  year = {2008},
  author = {OMG},
  pages = {355},
  month = jan,
  owner = {Vourlakis Nikolas},
  timestamp = {2012.11.21}
}

@BOOK{CorbaSpec,
  title = {{CORBA Component Model Specification, Version 4.0}},
  publisher = {{Object Management Group}},
  year = {2006},
  author = {OMG},
  pages = {350},
  month = apr,
  owner = {Vourlakis Nikolas},
  timestamp = {2012.11.21}
}

@TECHREPORT{Bianco2011,
  author = {{P. Bianco, G. A. Lewis, P. Merson and S. Simanta}},
  title = {{Architecting Service-Oriented Systems}},
  institution = {Carnegie Mellon},
  year = {2011},
  month = {August},
  owner = {Vourlakis Nikolas},
  timestamp = {2012.11.14}
}

@TECHREPORT{Schmidt2007,
  author = {{R. Schmidt}},
  title = {{The P-Grid System - Overview}},
  institution = {{School of Computer and Communication Sciences, \'{E}cole Polytechnique
	F\'{e}d\'{e}ral de Lausanne (EPFL)}},
  year = {2007},
  __markedentry = {[Irene:6]},
  owner = {Vourlakis Nikolas},
  timestamp = {2012.11.11}
}

@INPROCEEDINGS{Sobernig2010,
  author = {{S. Sobernig and U. Zdun}},
  title = {{Inversion-of-control layer}},
  booktitle = {Proceedings of the 15th European Conference on Pattern Languages
	of Programs},
  year = {2010},
  series = {EuroPLoP '10},
  pages = {21:1--21:22},
  address = {New York, NY, USA},
  publisher = {ACM},
  acmid = {2328935},
  articleno = {21},
  doi = {10.1145/2328909.2328935},
  isbn = {978-1-4503-0259-3},
  keywords = {application framework, architectural patterns, inversion of control,
	layers},
  location = {Irsee, Germany},
  numpages = {22}
}

@PROCEEDINGS{Zdun2007,
  title = {{EuroPLoP' 2006, Eleventh European Conference on Pattern Languages
	of Programs, Irsee, Germany, July 5-9, 2006}},
  year = {2007},
  editor = {{U. Zdun and L. B. Hvatum}},
  publisher = {UVK - Universitaetsverlag Konstanz},
  __markedentry = {[Irene:6]},
  bibsource = {DBLP, http://dblp.uni-trier.de},
  booktitle = {EuroPLoP},
  isbn = {978-3-87940-813-9},
  owner = {Vourlakis Nikolas},
  timestamp = {2012.11.11}
}

@STANDARD{OASIS-soa-raf,
  title = {{Reference Architecture Foundation for Service Oriented Architecture
	Version 1.0}},
  organization = {OASIS},
  institution = {OASIS},
  type = {OASIS Committee Specification Draft 03},
  month = {July},
  year = {2011},
  url = {http://docs.oasis-open.org/soa-rm/soa-ra/v1.0/csd03/soa-ra-v1.0-csd03.html.},
  owner = {Vourlakis Nikolas},
  timestamp = {2012.11.14}
}

@MISC{JXTA2007,
  title = {{JXTA v2.0 Protocols Specification}},
  year = {2007},
  owner = {Vourlakis Nikolas},
  timestamp = {2012.11.21}
}

@PROCEEDINGS{2001:882470,
  title = {{P2P '01: Proceedings of the First International Conference on Peer-to-Peer
	Computing}},
  year = {2001},
  address = {Washington, DC, USA},
  publisher = {IEEE Computer Society},
  owner = {Vourlakis Nikolas},
  timestamp = {2012.11.11}
}

@book{dan2003core,
  title={Core J2EE Patterns: Best Practicies and Design},
  author={Dan Malks, J.C.D.A. and Crupi, J. and Malks, D.},
  series={Core Design Series},
  year={2003},
  publisher={Prentice Hall Ptr}
}

@INPROCEEDINGS{Freeman04mockroles,
    author = {S. Freeman, N. Pryce, T. Mackinnon and J. Walnes},
    title = {Mock Roles, Not Objects},
    booktitle = {In OOPSLA ’04: Ccompanio To The 19TH Annual ACM SIGPLAN Conference On Object-Oriented Programming Systems, Languages, Aan Applications},
    year = {2004},
    pages = {236--246},
    publisher = {ACM Press}
}

@article{Lamport,
 author = {L. Lamport},
 title = {Time, clocks, and the ordering of events in a distributed system},
 journal = {Commun. ACM},
 issue_date = {July 1978},
 volume = {21},
 number = {7},
 month = jul,
 year = {1978},
 issn = {0001-0782},
 pages = {558--565},
 numpages = {8},
 acmid = {359563},
 publisher = {ACM},
 address = {New York, NY, USA},
 keywords = {clock synchronization, computer networks, distributed systems, multiprocess systems},
} 

@inproceedings{Rodrigues2002,
 author = {R. Rodrigues, B. Liskov and L. Shrira},
 title = {The design of a robust peer-to-peer system},
 booktitle = {Proceedings of the 10th workshop on ACM SIGOPS European workshop},
 series = {EW 10},
 year = {2002},
 location = {Saint-Emilion, France},
 pages = {117--124},
 numpages = {8},
 url = {http://doi.acm.org/10.1145/1133373.1133396},
 doi = {10.1145/1133373.1133396},
 acmid = {1133396},
 publisher = {ACM},
 address = {New York, NY, USA},
} 

@inproceedings{Stoica2005,
author = {S. Q. Zhuang, D. Geels, I. Stoica and R. H. Katz},
title = {{On failure detection algorithms in overlay networks}},
booktitle = {IEEE INFOCOM},
volume = {3},
year = {2005},
pages = {2112--2123},
}

@book{Tanenbaum2006,
 author = {A. Tanenbaum, S. Andrew and Maarten van Steen},
 title = {Distributed Systems: Principles and Paradigms (2nd Edition)},
 year = {2006},
 isbn = {0132392275},
 publisher = {Prentice-Hall, Inc.},
 address = {Upper Saddle River, NJ, USA},
}

@inproceedings{Chord,
 author = {I. Stoica, R. Morris, D. Karger, M. F. Kaashoek and H. Balakrishnan},
 title = {Chord: A scalable peer-to-peer lookup service for internet applications},
 booktitle = {Proceedings of the 2001 conference on Applications, technologies, architectures, and protocols for computer communications},
 series = {SIGCOMM '01},
 year = {2001},
 isbn = {1-58113-411-8},
 location = {San Diego, California, United States},
 pages = {149--160},
 numpages = {12},
 publisher = {ACM},
 address = {New York, NY, USA},
}

@ARTICLE{Tapestry,
    author = {B. Y. Zhao, L. Huang, J. Stribling, S. C. Rhea, A. D. Joseph and J. D. Kubiatowicz},
    title = {Tapestry: A Resilient Global-scale Overlay for Service Deployment},
    journal = {IEEE Journal on Selected Areas in Communications},
    year = {2004},
    volume = {22},
    pages = {41--53}
}

@inproceedings{Pastry,
 author = {Antony I. T. Rowstron D. Peter},
 title = {Pastry: Scalable, Decentralized Object Location, and Routing for Large-Scale Peer-to-Peer Systems},
 booktitle = {Proceedings of the IFIP/ACM International Conference on Distributed Systems Platforms Heidelberg},
 series = {Middleware '01},
 year = {2001},
 isbn = {3-540-42800-3},
 pages = {329--350},
 numpages = {22},
 url = {http://dl.acm.org/citation.cfm?id=646591.697650},
 acmid = {697650},
 publisher = {Springer-Verlag},
 address = {London, UK, UK},
}
